<?xml version="1.0" encoding="UTF-8"?><collection xmlns="http://www.loc.gov/MARC21/slim"><record><leader>00564nam--2200193-i-4500</leader><controlfield tag="001">000013242</controlfield><controlfield tag="002">20161230</controlfield><controlfield tag="005">20161230201030</controlfield><controlfield tag="008">060222s1000------------r-----000-0-eng-d</controlfield><datafield ind1=" " ind2=" " tag="020"><subfield code="a">0306401215</subfield></datafield><datafield ind1=" " ind2=" " tag="040"><subfield code="a">IFIN-HH</subfield></datafield><datafield ind1=" " ind2=" " tag="080"><subfield code="a">539.198:539.188</subfield></datafield><datafield ind1="1" ind2=" " tag="100"><subfield code="a">Bernstein, Richard B</subfield></datafield><datafield ind1="1" ind2="0" tag="245"><subfield code="a">Atom-molecule collision theory</subfield><subfield code="b">A guide for the experimentalist</subfield><subfield code="c">Richard b. bernstein (ed.)</subfield></datafield><datafield ind1=" " ind2=" " tag="260"><subfield code="a">New York</subfield><subfield code="b">Plenum Press</subfield><subfield code="c">1979</subfield></datafield><datafield ind1=" " ind2=" " tag="300"><subfield code="a">XX + 779 P</subfield></datafield><datafield ind1=" " ind2=" " tag="490"><subfield code="a">Physics Of Atoms And Molecules</subfield></datafield><datafield ind1=" " ind2=" " tag="852"><subfield code="a">47954</subfield><subfield code="c">539.19</subfield></datafield><datafield ind1=" " ind2=" " tag="CAT"><subfield code="a">Sys</subfield><subfield code="c">20120716</subfield><subfield code="h">162313</subfield></datafield></record></collection>